@article{p1,
  author={Sheikh, Mohammad Ahmad and Goel, Amit Kumar and Kumar, Tapas},
  booktitle={2020 International Conference on Electronics and Sustainable Communication Systems (ICESC)}, 
  title={An Approach for Prediction of Loan Approval using Machine Learning Algorithm}, 
  year={2020},
  volume={},
  number={},
  pages={490-494},
  keywords={Predictive models;Data models;Logistics;Machine learning;Mathematical model;Machine learning algorithms;Analytical models;loan;outlier;Prediction;component;Overfitting;Transform},
  doi={10.1109/ICESC48915.2020.9155614}}




@article{p2,
  title={Prediction of Loan Approval in Banks using Machine Learning Approach},
  author={Viswanatha, V and Ramachandra, AC and Vishwas, KN and Adithya, G},
  journal={International Journal of Engineering and Management Research},
  volume={13},
  number={4},
  pages={7--19},
  year={2023}
}


@article{p3,
  title={Prediction of Loan Approval in Banks Using Machine Learning Approach},
  author={AC, Ramachandra and KN, Vishwas and others},
  year={2023}
}

@article{p4,
  title={A Machine Learning Method for Predicting Loan Approval by Comparing the Random Forest and Decision Tree Algorithms.},
  author={Bhargav, P and Sashirekha, K},
  journal={Journal of Survey in Fisheries Sciences},
  volume={10},
  number={1S},
  pages={1803--1813},
  year={2023}
}

@article{p5,
  title={Machine Learning Algorithms for Predicting the Loan Status},
  author={Sai, M Srinivasa Sesha and Krishna, Ardhala Bala and Ganthi, Parimala and Kankanala, Sai Keerthi and Tinnaluri, Siripriya and Simhadri, Vineela},
  journal={Journal of Survey in Fisheries Sciences},
  volume={10},
  number={2S},
  pages={3677--3685},
  year={2023}
}